@article{CasiniHuertaRosenhaus,
  author  = {Casini, H. and Huerta, M. and Rosenhaus, V.},
  title   = {Gauge invariant Entanglement Entropy in Gauge Theories},
  journal = {Phys. Rev. Lett.},
  volume  = {116},
  pages   = {261602},
  year    = {2016},
  eprint  = {arXiv:1512.05689}
}

@article{GhoshSinha2015,
  author  = {Ghosh, S. and Sinha, A.},
  title   = {Entanglement entropy in higher spin theories and O(N) vector models},
  journal = {JHEP},
  volume  = {2015},
  pages   = {069},
  year    = {2015},
  eprint  = {arXiv:1410.3527}
}

@article{Radicevic,
  author  = {Radicevic, Djordje},
  title   = {Entanglement in Gauge Theories and Gravity},
  journal = {Phys. Rev. Lett.},
  volume  = {124},
  pages   = {131603},
  year    = {2020},
  eprint  = {arXiv:1809.07757}
}

@article{Dreyer2022GaugeRenyi,
  author  = {Dreyer, M. et al.},
  title   = {Randomized measurement of R{\'e}nyi entropies in gauge theories},
  journal = {Phys. Rev. Lett.},
  volume  = {128},
  pages   = {120504},
  year    = {2022},
  eprint  = {arXiv:2112.05687}
}

@article{Zohar2023GaugeSim,
  author  = {Zohar, E. and Martinez, E.},
  title   = {Quantum Simulations of Lattice Gauge Theories},
  journal = {Rev. Mod. Phys.},
  year    = {2023},
  eprint  = {arXiv:2106.06431}
}

@article{KitaevWen2020,
  author  = {Kitaev, A. and Wen, X.â€‘G.},
  title   = {Emergent Gauge Fields in Condensed Matter},
  journal = {Ann. Rev. Cond. Mat. Phys.},
  volume  = {11},
  pages   = {79},
  year    = {2020}
}